
@book{abramovici,
  added-at = {2011-05-03T00:00:00.000+0200},
  author = {Abramovici, Miron and Breuer, Melvin A. and Friedman, Arthur D.},
  biburl = {http://www.bibsonomy.org/bibtex/29934ef014322846e32b07401f77b1709/dblp},
  interhash = {c5ed0196735da94a5a16835b10429fe4},
  intrahash = {9934ef014322846e32b07401f77b1709},
  isbn = {978-0-7167-8179-0},
  keywords = {dblp},
  pages = {I-XXI, 1-653},
  publisher = {Computer Science Press},
  timestamp = {2011-05-04T11:32:45.000+0200},
  title = {Digital systems testing and testable design.},
  year = 1990
}



@article{Potluri:2015,
 author = {Potluri, Seetal and Trinadh, A. Satya and Ch., Sobhan Babu and Kamakoti, V. and Chandrachoodan, Nitin},
 title = {DFT Assisted Techniques for Peak Launch-to-Capture Power Reduction During Launch-On-Shift At-Speed Testing},
 journal = {ACM Trans. Des. Autom. Electron. Syst.},
 issue_date = {November 2015},
 volume = {21},
 number = {1},
 month = dec,
 year = {2015},
 issn = {1084-4309},
 pages = {14:1--14:25},
 articleno = {14},
 numpages = {25},
 url = {http://doi.acm.org/10.1145/2790297},
 doi = {10.1145/2790297},
 acmid = {2790297},
 publisher = {ACM},
 address = {New York, NY, USA},
 keywords = {C-element, Digital systems testing, X-filling, critical path matching, peak launch-to-capture switching activity, scan flip-flop},
} 

@article{deductive-fault-simulation,
author = {D.B. Armstrong},
title = {A Deductive Method for Simulating Faults in Logic Circuits},
journal ={IEEE Transactions on Computers},
volume = {21},
number = {5},
issn = {0018-9340},
year = {1972},
pages = {464-471},
doi = {http://doi.ieeecomputersociety.org/10.1109/T-C.1972.223542},
publisher = {IEEE Computer Society},
address = {Los Alamitos, CA, USA},
}

@inproceedings{farinaz:epic,
 author = {Roy, Jarrod A. and Koushanfar, Farinaz and Markov, Igor L.},
 title = {{EPIC}: {E}nding {P}iracy of {I}ntegrated {C}ircuits},
 booktitle = {IEEE/ACM Design, Automation and Test in Europe},
 series = {},
 year = {2008},
 isbn = {},
 location = {},
 pages = {1069--1074},
 numpages = {},
 url = {},
 doi = {},
 acmid = {1403631},
 publisher = {},
 address = {},
} 

@inproceedings{jv:dac12,
 author = {Rajendran, Jeyavijayan and Pino, Youngok and Sinanoglu, Ozgur and Karri, Ramesh},
 title = {Security analysis of logic obfuscation},
 booktitle = {IEEE/ACM Design, Automation and Test in Europe},
 series = {},
 year = {2008},
 isbn = {},
 location = {},
 pages = {1069--1074},
 numpages = {},
 url = {},
 doi = {},
 acmid = {},
 publisher = {},
 address = {},
} 

@article{jv:tc15,
author = {Rajendran, Jeyavijayan and Zhang, Huan and Zhang, Chi and Rose, Garrett S. and Pino, Youngok and Sinanoglu, Ozgur and Karri, Ramesh},
title = {Fault Analysis-Based Logic Encryption},
journal ={IEEE Transactions on Computers},
volume = {21},
number = {5},
issn = {},
year = {2015},
pages = {410-424},
doi = {},
publisher = {},
address = {},
}

@inproceedings{dupuis:iolts14,
 author = {Dupuis, Sophie and Ba, Papa-Sidi and Di Natale, Giorgio and Flottes, Marie-Lise and Rouzeyre, Bruno},
 title = {A novel hardware logic encryption technique for thwarting illegal overproduction and Hardware Trojans},
 booktitle = {IEEE International On-Line Testing Symposium},
 series = {},
 year = {2014},
 isbn = {},
 location = {},
 pages = {49--54},
 numpages = {6},
 url = {},
 doi = {},
 acmid = {},
 publisher = {},
 address = {},
} 

@article{baumgarten:dandt10,
author = {Baumgarten, Alex and Tyagi, Akhilesh and Zambreno, Joseph},
title = {Preventing IC Piracy Using Reconfigurable Logic Barriers},
journal ={IEEE Design and Test of Computers},
volume = {27},
number = {1},
issn = {},
year = {2010},
pages = {66-75},
doi = {},
publisher = {},
address = {},
}

@inproceedings{pramod:host15,
 author = {Subramanyan, Pramod and Ray, Sayak and Malik, Sharad},
 title = {Evaluating the security of logic encryption algorithms},
 booktitle = {IEEE International Symposium on Hardware Oriented Security and Trust},
 series = {},
 year = {2015	},
 isbn = {},
 location = {},
 pages = {137--143},
 numpages = {7},
 url = {},
 doi = {},
 acmid = {},
 publisher = {},
 address = {},
} 

@article{rajit:encryptFF,
  author    = {Rajit Karmakar and
               Santanu Chattopadhyay and
               Rohit Kapur},
  title     = {Encrypt Flip-Flop: {A} Novel Logic Encryption Technique For Sequential
               Circuits},
  journal   = {CoRR},
  volume    = {abs/1801.04961},
  year      = {2018},
  url       = {http://arxiv.org/abs/1801.04961},
  archivePrefix = {arXiv},
  eprint    = {1801.04961},
  timestamp = {Mon, 13 Aug 2018 16:47:46 +0200},
  biburl    = {https://dblp.org/rec/bib/journals/corr/abs-1801-04961},
  bibsource = {dblp computer science bibliography, https://dblp.org}
}

@inproceedings{lilas:aspdac19,
 author = {Alrahis, Lilas and Yasin, Muhammad and Saleh, Hani and Mohammad, Baker and Al-Qutayri, Mahmoud and Sinanoglu, Ozgur},
 title = {Scan{SAT}: Unlocking Obfuscated Scan Chains},
 booktitle = {IEEE Asia South Pacific Design Automation Conference},
 series = {},
 year = {2019},
 isbn = {},
 location = {},
 pages = {},
 numpages = {6},
 url = {},
 doi = {},
 acmid = {},
 publisher = {},
 address = {},
} 

@article{pecht06,
author = {Pecht, M. and Tiku, S.},
title = {Bogus: electronic manufacturing and consumers confront a rising tide of counterfeit electronics},
journal ={IEEE Spectrum},
volume = {43},
number = {5},
issn = {},
year = {2006},
pages = {37-46},
doi = {},
publisher = {},
address = {},
}

@inproceedings{trimberger07,
 author = {Trimberger, Steve},
 title = {Trusted design in FPGAs},
 booktitle = {IEEE Design Automation Conference},
 series = {},
 year = {2007},
 isbn = {},
 location = {},
 pages = {5-8},
 numpages = {6},
 url = {},
 doi = {},
 acmid = {},
 publisher = {},
 address = {},
} 
